@book{udo,
  title={DAFX: digital audio effects},
  author={Z{\"o}lzer, Udo and Amatriain, Xavier and Wiley, John},
  volume={1},
  year={2002},
  publisher={Wiley Online Library}
}

@inproceedings{keiler,
  title={Parametric second-and fourth-order shelving filters for audio applications},
  author={Keiler, Florian and Zolzer, Udo},
  booktitle={Multimedia Signal Processing, 2004 IEEE 6th Workshop on},
  pages={231--234},
  year={2004},
  organization={IEEE}
}

@inproceedings{storn,
  title={Differential evolution design of an IIR-filter},
  author={Storn, Rainer},
  booktitle={Evolutionary Computation, 1996., Proceedings of IEEE International Conference on},
  pages={268--273},
  year={1996},
  organization={IEEE}
}

